<record><leader>01927cas a2200409 a 4500</leader><controlfield tag="001">000006472</controlfield><controlfield tag="003">MiAaHDL</controlfield><controlfield tag="005">20210817000000.0</controlfield><controlfield tag="006">m        d        </controlfield><controlfield tag="007">cr bn ---auaua</controlfield><controlfield tag="008">820623d19691971nyuar p       1   a0eng d</controlfield><datafield tag="035" ind1=" " ind2=" "><subfield code="a">(MiU)990000064720106381</subfield></datafield><datafield tag="035" ind1=" " ind2=" "><subfield code="a">sdr-miu.990000064720106381</subfield></datafield><datafield tag="035" ind1=" " ind2=" "><subfield code="a">(OCoLC)8541938</subfield></datafield><datafield tag="035" ind1=" " ind2=" "><subfield code="z">(MiU)Aleph000006472</subfield></datafield><datafield tag="040" ind1=" " ind2=" "><subfield code="a">WNI</subfield><subfield code="c">WNI</subfield><subfield code="d">MUL</subfield><subfield code="d">OCL</subfield><subfield code="d">OCLCQ</subfield></datafield><datafield tag="049" ind1=" " ind2=" "><subfield code="a">EY25</subfield></datafield><datafield tag="090" ind1=" " ind2=" "><subfield code="a">TK5105</subfield><subfield code="b">.S95</subfield></datafield><datafield tag="099" ind1=" " ind2=" "><subfield code="a">TK 5105 .A155</subfield></datafield><datafield tag="111" ind1="2" ind2=" "><subfield code="a">ACM Symposium on Problems in the Optimization of Data Communications Systems.</subfield></datafield><datafield tag="245" ind1="1" ind2="0"><subfield code="a">Proceedings of the ACM symposium on problems in the optimization of data communications systems /</subfield><subfield code="c">sponsored by ACM Special Interest Group on Data Communications (SIGCOMM)</subfield></datafield><datafield tag="246" ind1="3" ind2="0"><subfield code="a">Data communications systems</subfield></datafield><datafield tag="246" ind1="3" ind2="0"><subfield code="a">Problems in the optimization of data communications systems</subfield></datafield><datafield tag="260" ind1=" " ind2=" "><subfield code="a">New York :</subfield><subfield code="b">Association for Computing Machinery,</subfield><subfield code="c">1969-71.</subfield></datafield><datafield tag="300" ind1=" " ind2=" "><subfield code="a">2 v. :</subfield><subfield code="b">ill. ;</subfield><subfield code="c">28 cm.</subfield></datafield><datafield tag="362" ind1="0" ind2=" "><subfield code="a">1st-2nd (1969-1971).</subfield></datafield><datafield tag="504" ind1=" " ind2=" "><subfield code="a">Includes bibliographical references.</subfield></datafield><datafield tag="538" ind1=" " ind2=" "><subfield code="a">Mode of access: Internet.</subfield></datafield><datafield tag="538" ind1=" " ind2=" "><subfield code="a">Electronic mode of access : World Wide Web.</subfield></datafield><datafield tag="550" ind1=" " ind2=" "><subfield code="a">Co-sponsored by the Institute of Electrical and Electronics Engineers Computer Society, Technical Committee on Computer Communications.</subfield></datafield><datafield tag="650" ind1=" " ind2="0"><subfield code="a">Computer networks</subfield><subfield code="v">Congresses.</subfield></datafield><datafield tag="650" ind1=" " ind2="0"><subfield code="a">Data transmission systems</subfield><subfield code="v">Congresses.</subfield></datafield><datafield tag="650" ind1=" " ind2="0"><subfield code="a">Telecommunication systems</subfield><subfield code="v">Congresses.</subfield></datafield><datafield tag="710" ind1="2" ind2=" "><subfield code="a">ACM Digital Library.</subfield></datafield><datafield tag="710" ind1="2" ind2=" "><subfield code="a">IEEE Computer Society.</subfield><subfield code="b">Technical Committee on Computer Communications.</subfield></datafield><datafield tag="710" ind1="2" ind2=" "><subfield code="a">Association for Computing Machinery.</subfield><subfield code="b">Special Interest Group on Data Communications.</subfield></datafield><datafield tag="711" ind1="2" ind2=" "><subfield code="a">Symposium on Problems in the Optimization of Data Communications Systems.</subfield></datafield><datafield tag="785" ind1="0" ind2="0"><subfield code="a">Data Communications Symposium.</subfield><subfield code="t">[Papers] - Data Communications Symposium</subfield><subfield code="w">(OCoLC)3862098</subfield><subfield code="w">(DLC)sn 82000747</subfield></datafield><datafield tag="CID" ind1=" " ind2=" "><subfield code="a">000006472</subfield></datafield><datafield tag="DAT" ind1="0" ind2=" "><subfield code="a">20081118135809.0</subfield><subfield code="b">20210817000000.0</subfield></datafield><datafield tag="DAT" ind1="1" ind2=" "><subfield code="a">20210923183841.0</subfield><subfield code="b">2021-09-24T18:24:19Z</subfield></datafield><datafield tag="DAT" ind1="2" ind2=" "><subfield code="a">2019-10-28T18:00:02Z</subfield></datafield><datafield tag="CAT" ind1=" " ind2=" "><subfield code="a">SDR-MIU</subfield><subfield code="d">ALMA</subfield><subfield code="l">prepare.pl-004-008</subfield></datafield><datafield tag="FMT" ind1=" " ind2=" "><subfield code="a">SE</subfield></datafield><datafield tag="HOL" ind1=" " ind2=" "><subfield code="0">sdr-miu.990000064720106381</subfield><subfield code="a">MiU</subfield><subfield code="b">SDR</subfield><subfield code="c">MIU</subfield><subfield code="p">mdp.39015006077963</subfield><subfield code="s">MIU</subfield><subfield code="z">1971</subfield><subfield code="1">990000064720106381</subfield></datafield><datafield tag="974" ind1=" " ind2=" "><subfield code="b">MIU</subfield><subfield code="c">MIU</subfield><subfield code="d">20210924</subfield><subfield code="s">google</subfield><subfield code="u">mdp.39015006077963</subfield><subfield code="z">1971</subfield><subfield code="y">1971</subfield><subfield code="r">ic</subfield><subfield code="q">bib</subfield><subfield code="t">US serial item date &gt;= 1927</subfield></datafield></record>